@ONLINE {Supervised,
    author    = "Andrew Ng",
    title     = "CS229 Lecture notes",
    publisher = "Stanford",
    url       = "http://www.cs.bu.edu/~hwxi/GitHub/ATS-Postiats-contrib/projects/LARGE/ML/CS229/cs229.stanford.edu/notes/cs229-notes1.pdf",
    urldate   = "2020-09-07"
}

@article{ML_def,
    author =       "A.L. Samuel",
    title =        "{Some studies in machine learning using the game of checker}. ({English})",
    journal =      "IBM J. Res. Develop.",
    volume =       "3",
    number =       "3",
    pages =        "210--229",
    year =         "1959"
}
@book{Mitchell, 
    place={New York}, 
    title={Machine Learning}, 
    publisher={McGraw-Hill Education}, 
    author={Mitchell, Tom M.}, 
    year={1997}
}

@book{Definitions, 
    place={Amsterdam}, 
    title={Data Analyticsfor Intelligent Transportation Systems}, 
    publisher={Elsevier}, 
    author={Mashrur Chowdhury and Amy Apon and Kakan Dey}, 
    year={2017}
}

@book{SupMet, 
    place={Amsternam}, 
    title={Information Security Analytics}, 
    publisher={Elsevier}, 
    author={M.Talabis and R. McPherson and I. Miyamoto and J. Martin and D. Kaye}, 
    year={2014}
}

@book{Manufacturing, 
    place={Singapore}, 
    title={Groover's Principles of Modern Manufacturing}, 
    publisher={Wiley}, 
    author={Mikell P. Groover}, 
    year={2016}
}
@article{KNN_app,
    author =       {Sadegh Bafandeh Imandoust and Mohammad Bolandraftar},
    title =        "Application of K-Nearest Neighbor (KNN) Approach for Predicting Economic Events: Theoretical Background",
    journal =      "S B Imandoust et al. Int. Journal of Engineering Research and Applications",
    volume =       "3",
    number =       "5",
    pages =        "605--609",
    year =         "2013"
}

@book{Bishop, 
    place={Singapore}, 
    title={Pattern Recognition and Machine Learning}, 
    publisher={Springer}, 
    author={Christopher M. Bishop}, 
    year={2006}
}